@article{DBLP:journals/corr/GatysEB15a,
  author    = {Leon A. Gatys and
               Alexander S. Ecker and
               Matthias Bethge},
  title     = {A Neural Algorithm of Artistic Style},
  journal   = {CoRR},
  volume    = {abs/1508.06576},
  year      = {2015},
  url       = {http://arxiv.org/abs/1508.06576},
  timestamp = {Tue, 01 Sep 2015 14:42:40 +0200},
  biburl    = {http://dblp.uni-trier.de/rec/bib/journals/corr/GatysEB15a},
  bibsource = {dblp computer science bibliography, http://dblp.org}
}

@article{2016RSPTA.37450203M,
   author = {{Mallat}, S.},
    title = "{Understanding deep convolutional networks}",
  journal = {Philosophical Transactions of the Royal Society of London Series A},
archivePrefix = "arXiv",
   eprint = {1601.04920},
 primaryClass = "stat.ML",
     year = 2016,
    month = apr,
   volume = 374,
    pages = {20150203},
      doi = {10.1098/rsta.2015.0203},
   adsurl = {http://adsabs.harvard.edu/abs/2016RSPTA.37450203M},
  adsnote = {Provided by the SAO/NASA Astrophysics Data System}
}


@article{DBLP:journals/corr/SimonyanZ14a,
  author    = {Karen Simonyan and
               Andrew Zisserman},
  title     = {Very Deep Convolutional Networks for Large-Scale Image Recognition},
  journal   = {CoRR},
  volume    = {abs/1409.1556},
  year      = {2014},
  url       = {http://arxiv.org/abs/1409.1556},
  timestamp = {Wed, 01 Oct 2014 15:00:05 +0200},
  biburl    = {http://dblp.uni-trier.de/rec/bib/journals/corr/SimonyanZ14a},
  bibsource = {dblp computer science bibliography, http://dblp.org}
}

@article{DBLP:journals/corr/MahendranV14,
  author    = {Aravindh Mahendran and
               Andrea Vedaldi},
  title     = {Understanding Deep Image Representations by Inverting Them},
  journal   = {CoRR},
  volume    = {abs/1412.0035},
  year      = {2014},
  url       = {http://arxiv.org/abs/1412.0035},
  timestamp = {Thu, 01 Jan 2015 19:51:08 +0100},
  biburl    = {http://dblp.uni-trier.de/rec/bib/journals/corr/MahendranV14},
  bibsource = {dblp computer science bibliography, http://dblp.org}
}

@article{DBLP:journals/corr/abs-1301-3557,
  author    = {Matthew D. Zeiler and
               Rob Fergus},
  title     = {Stochastic Pooling for Regularization of Deep Convolutional Neural
               Networks},
  journal   = {CoRR},
  volume    = {abs/1301.3557},
  year      = {2013},
  url       = {http://arxiv.org/abs/1301.3557},
  timestamp = {Fri, 01 Feb 2013 13:30:47 +0100},
  biburl    = {http://dblp.uni-trier.de/rec/bib/journals/corr/abs-1301-3557},
  bibsource = {dblp computer science bibliography, http://dblp.org}
}

@article{DBLP:journals/corr/GatysEB15,
  author    = {Leon A. Gatys and
               Alexander S. Ecker and
               Matthias Bethge},
  title     = {Texture synthesis and the controlled generation of natural stimuli
               using convolutional neural networks},
  journal   = {CoRR},
  volume    = {abs/1505.07376},
  year      = {2015},
  url       = {http://arxiv.org/abs/1505.07376},
  timestamp = {Mon, 01 Jun 2015 14:13:54 +0200},
  biburl    = {http://dblp.uni-trier.de/rec/bib/journals/corr/GatysEB15},
  bibsource = {dblp computer science bibliography, http://dblp.org}
}

@article{DBLP:journals/corr/ZeilerF13,
  author    = {Matthew D. Zeiler and
               Rob Fergus},
  title     = {Visualizing and Understanding Convolutional Networks},
  journal   = {CoRR},
  volume    = {abs/1311.2901},
  year      = {2013},
  url       = {http://arxiv.org/abs/1311.2901},
  timestamp = {Tue, 03 Dec 2013 15:04:22 +0100},
  biburl    = {http://dblp.uni-trier.de/rec/bib/journals/corr/ZeilerF13},
  bibsource = {dblp computer science bibliography, http://dblp.org}
}